<collection xmlns="http://www.loc.gov/MARC21/slim">
<record>
  <leader>01159nam0a22002291i 450 </leader>
  <controlfield tag="001">IT\ICCU\CNCE\070622</controlfield>
  <controlfield tag="005">20160427000000.0</controlfield>
  <datafield tag="012" ind1=" " ind2=" ">
    <subfield code="a">i.a- esa- o-ue qufi (3) 1596 (R)</subfield>
    <subfield code="2">fei</subfield>
  </datafield>
  <datafield tag="100" ind1=" " ind2=" ">
    <subfield code="a">20070507d1596        0itac0103    ba</subfield>
  </datafield>
  <datafield tag="101" ind1=" " ind2=" ">
    <subfield code="a">ITA</subfield>
  </datafield>
  <datafield tag="102" ind1=" " ind2=" ">
    <subfield code="a">IT</subfield>
  </datafield>
  <datafield tag="200" ind1="1" ind2=" ">
    <subfield code="a">Ordinationi et statuti del collegio de&apos; montisti dell&apos;annona di Bologna. Con la giunta in fine di tutte le bolle in tal proposito fatte dalla santit ̉di N.S. papa Clemente VIII</subfield>
  </datafield>
  <datafield tag="210" ind1=" " ind2=" ">
    <subfield code="a">In Bologna</subfield>
    <subfield code="c">presso gli heredi di Gio. Rossi</subfield>
    <subfield code="d">1596</subfield>
    <subfield code="e">Bononiae</subfield>
    <subfield code="g">apud haeredes Io. Rossi</subfield>
    <subfield code="h">1597</subfield>
  </datafield>
  <datafield tag="215" ind1=" " ind2=" ">
    <subfield code="a">46 c, \2!</subfield>
    <subfield code="d">29 cm</subfield>
  </datafield>
  <datafield tag="620" ind1=" " ind2=" ">
    <subfield code="a">IT</subfield>
    <subfield code="d">Bologna</subfield>
  </datafield>
  <datafield tag="710" ind1="0" ind2="2">
    <subfield code="a">Monte primo annona</subfield>
    <subfield code="c"> &lt;Bologna&gt;</subfield>
    <subfield code="3">27912</subfield>
  </datafield>
  <datafield tag="712" ind1="0" ind2="0">
    <subfield code="a">Rossi, Giovanni - eredi</subfield>
    <subfield code="3">IT\ICCU\CNCT\000047</subfield>
    <subfield code="4">650</subfield>
  </datafield>
  <datafield tag="791" ind1="0" ind2="2">
    <subfield code="a">Monte dell&apos;Annona</subfield>
    <subfield code="c"> &lt;Bologna&gt;</subfield>
    <subfield code="3">29961</subfield>
    <subfield code="z">Monte primo annona &lt;Bologna&gt;</subfield>
  </datafield>
  <datafield tag="801" ind1=" " ind2="3">
    <subfield code="a">IT</subfield>
    <subfield code="b">ICCU</subfield>
    <subfield code="c">20201115</subfield>
  </datafield>
  <datafield tag="899" ind1=" " ind2=" ">
    <subfield code="a">Biblioteca del Senato della Repubblica Giovanni Spadolini. Roma</subfield>
    <subfield code="1">RM0427</subfield>
    <subfield code="2">ZRM 12</subfield>
  </datafield>
  <datafield tag="911" ind1=" " ind2=" ">
    <subfield code="a">Sul front. e in fine</subfield>
    <subfield code="9">IT\ICCU\CNCM\000580</subfield>
  </datafield>
  <datafield tag="921" ind1=" " ind2=" ">
    <subfield code="a">IT\ICCU\CNCM\000580</subfield>
    <subfield code="b">Mercurio volante con un piede sul globo e nella mano destra il caduceo.</subfield>
    <subfield code="c">Z830</subfield>
    <subfield code="d">Dimensioni: 6 x 7,8</subfield>
    <subfield code="f">CADUCEO</subfield>
    <subfield code="f">MERCURIO</subfield>
    <subfield code="f">MONDO</subfield>
    <subfield code="g">1583-1599</subfield>
  </datafield>
</record>
</collection>
